<?xml version="1.0" encoding="UTF-8"?>
<!DOCTYPE html PUBLIC "-//W3C//DTD XHTML 1.0 Transitional//EN"
    "http://www.w3.org/TR/xhtml1/DTD/xhtml1-transitional.dtd">
<html xmlns="http://www.w3.org/1999/xhtml" xml:lang="en" lang="en">
 <head>
  <title>
</title>
<meta http-equiv="Content-Type" content="text/html;charset=utf-8" />
  <meta name='ocr-system' content='tesseract 3.04.00' />
  <meta name='ocr-capabilities' content='ocr_page ocr_carea ocr_par ocr_line ocrx_word'/>
</head>
<body>
  <div class='ocr_page' id='page_1' title='image "./analectavitruvi00nohlgoog_0009.png"; bbox 0 0 4648 5724; ppageno 0'>
   <div class='ocr_carea' id='block_1_1' title="bbox 1048 284 1245 348">
    <p class='ocr_par' dir='ltr' id='par_1_1' title="bbox 1048 284 1245 348">
     <span class='ocr_line' id='line_1_1' title="bbox 1048 284 1245 348; baseline 0.01 -18"><span class='ocrx_word' id='word_1_1' title='bbox 1048 284 1245 348; x_wconf 81' lang='lat'>...4-</span> 
     </span>
    </p>
   </div>
   <div class='ocr_carea' id='block_1_2' title="bbox 289 459 1998 4372">
    <p class='ocr_par' dir='ltr' id='par_1_2' title="bbox 297 459 1998 986">
     <span class='ocr_line' id='line_1_2' title="bbox 298 459 1996 546; baseline 0.005 -24"><span class='ocrx_word' id='word_1_2' title='bbox 298 467 444 541; x_wconf 84' lang='lat' dir='ltr'>posuerat,</span> <span class='ocrx_word' id='word_1_3' title='bbox 471 479 529 541; x_wconf 87' lang='lat' dir='ltr'>quo</span> <span class='ocrx_word' id='word_1_4' title='bbox 555 459 629 522; x_wconf 93' lang='lat' dir='ltr'>libro</span> <span class='ocrx_word' id='word_1_5' title='bbox 655 459 803 522; x_wconf 91' lang='lat' dir='ltr'>neminem</span> <span class='ocrx_word' id='word_1_6' title='bbox 830 459 873 521; x_wconf 91' lang='lat' dir='ltr'>uti</span> <span class='ocrx_word' id='word_1_7' title='bbox 901 467 974 542; x_wconf 90' lang='lat' dir='ltr'>puto</span> <span class='ocrx_word' id='word_1_8' title='bbox 996 460 1067 540; x_wconf 90' lang='lat' dir='ltr'>quin</span> <span class='ocrx_word' id='word_1_9' title='bbox 1095 470 1226 542; x_wconf 84' lang='lat' dir='ltr'>vegetam</span> <span class='ocrx_word' id='word_1_10' title='bbox 1255 462 1316 523; x_wconf 88' lang='lat' dir='ltr'>seni</span> <span class='ocrx_word' id='word_1_11' title='bbox 1341 460 1517 524; x_wconf 92' lang='lat' dir='ltr'>industriam</span> <span class='ocrx_word' id='word_1_12' title='bbox 1544 463 1708 542; x_wconf 78' lang='lat' dir='ltr'><strong>gratuletur</strong></span> <span class='ocrx_word' id='word_1_13' title='bbox 1733 472 1872 546; x_wconf 69' lang='lat' dir='ltr'>pemque</span> <span class='ocrx_word' id='word_1_14' title='bbox 1897 467 1996 530; x_wconf 90' lang='lat' dir='ltr'>animo</span> 
     </span>
     <span class='ocr_line' id='line_1_3' title="bbox 298 571 1996 654; baseline 0.004 -19"><span class='ocrx_word' id='word_1_15' title='bbox 298 573 367 654; x_wconf 89' lang='lat' dir='ltr'>quid</span> <span class='ocrx_word' id='word_1_16' title='bbox 398 572 558 634; x_wconf 89' lang='lat' dir='ltr'>debeamus</span> <span class='ocrx_word' id='word_1_17' title='bbox 594 572 657 635; x_wconf 91' lang='lat' dir='ltr'>eius</span> <span class='ocrx_word' id='word_1_18' title='bbox 693 571 857 634; x_wconf 76' lang='lat' dir='ltr'>assiduitati</span> <span class='ocrx_word' id='word_1_19' title='bbox 894 581 1103 654; x_wconf 89' lang='lat' dir='ltr'>accurataeque</span> <span class='ocrx_word' id='word_1_20' title='bbox 1133 574 1297 654; x_wconf 80' lang='lat' dir='ltr'>diligentiae</span> <span class='ocrx_word' id='word_1_21' title='bbox 1326 574 1505 636; x_wconf 82' lang='lat' dir='ltr'>recordetur.</span> <span class='ocrx_word' id='word_1_22' title='bbox 1561 575 1641 649; x_wconf 87' lang='lat' dir='ltr'>Quae</span> <span class='ocrx_word' id='word_1_23' title='bbox 1671 595 1740 638; x_wconf 85' lang='lat' dir='ltr'>vero</span> <span class='ocrx_word' id='word_1_24' title='bbox 1769 577 1816 640; x_wconf 91' lang='lat' dir='ltr'>ille</span> <span class='ocrx_word' id='word_1_25' title='bbox 1846 598 1897 641; x_wconf 89' lang='lat' dir='ltr'>seu</span> <span class='ocrx_word' id='word_1_26' title='bbox 1927 599 1996 642; x_wconf 91' lang='lat' dir='ltr'>casu</span> 
     </span>
     <span class='ocr_line' id='line_1_4' title="bbox 298 684 1996 768; baseline 0.004 -20"><span class='ocrx_word' id='word_1_27' title='bbox 298 704 351 748; x_wconf 92' lang='lat' dir='ltr'>seu</span> <span class='ocrx_word' id='word_1_28' title='bbox 381 686 515 749; x_wconf 93' lang='lat' dir='ltr'>consulto</span> <span class='ocrx_word' id='word_1_29' title='bbox 545 685 654 758; x_wconf 80' lang='lat' dir='ltr'>omisit,</span> <span class='ocrx_word' id='word_1_30' title='bbox 685 685 716 747; x_wconf 91' lang='lat' dir='ltr'>in</span> <span class='ocrx_word' id='word_1_31' title='bbox 746 684 783 746; x_wconf 93' lang='lat' dir='ltr'>iis</span> <span class='ocrx_word' id='word_1_32' title='bbox 811 684 909 747; x_wconf 90' lang='lat' dir='ltr'>locum</span> <span class='ocrx_word' id='word_1_33' title='bbox 940 685 1038 765; x_wconf 90' lang='lat' dir='ltr'>ipsum</span> <span class='ocrx_word' id='word_1_34' title='bbox 1066 685 1238 760; x_wconf 79' lang='lat' dir='ltr'>exscribam,</span> <span class='ocrx_word' id='word_1_35' title='bbox 1268 687 1378 768; x_wconf 90' lang='lat' dir='ltr'>reliqua</span> <span class='ocrx_word' id='word_1_36' title='bbox 1401 688 1505 750; x_wconf 88' lang='grc'>1111111</span> <span class='ocrx_word' id='word_1_37' title='bbox 1534 688 1604 750; x_wconf 90' lang='lat' dir='ltr'>satis</span> <span class='ocrx_word' id='word_1_38' title='bbox 1634 688 1736 750; x_wconf 90' lang='lat' dir='ltr'>babeo.</span> <span class='ocrx_word' id='word_1_39' title='bbox 1793 692 1870 754; x_wconf 90' lang='lat' dir='ltr'>Sunt</span> <span class='ocrx_word' id='word_1_40' title='bbox 1897 702 1996 756; x_wconf 89' lang='lat' dir='ltr'>autem</span> 
     </span>
     <span class='ocr_line' id='line_1_5' title="bbox 297 796 1998 876; baseline 0.004 -15"><span class='ocrx_word' id='word_1_41' title='bbox 297 799 369 861; x_wconf 90' lang='lat' dir='ltr'>haec</span> <span class='ocrx_word' id='word_1_42' title='bbox 398 798 533 862; x_wconf 86' lang='lat' dir='ltr'>exeuntia</span> <span class='ocrx_word' id='word_1_43' title='bbox 553 797 584 861; x_wconf 91' lang='grc'>11</span> <span class='ocrx_word' id='word_1_44' title='bbox 610 802 652 860; x_wconf 90' lang='lat' dir='ltr'>·io</span> <span class='ocrx_word' id='word_1_45' title='bbox 680 799 741 860; x_wconf 87' lang='lat' dir='ltr'>iere</span> <span class='ocrx_word' id='word_1_46' title='bbox 766 798 836 872; x_wconf 96' lang='grc'>170,</span> <span class='ocrx_word' id='word_1_47' title='bbox 865 796 896 858; x_wconf 91' lang='grc'>11</span> <span class='ocrx_word' id='word_1_48' title='bbox 920 817 971 860; x_wconf 90' lang='lat' dir='ltr'>-us</span> <span class='ocrx_word' id='word_1_49' title='bbox 993 797 1043 873; x_wconf 85' lang='lat'>36,</span> <span class='ocrx_word' id='word_1_50' title='bbox 1073 799 1104 860; x_wconf 92' lang='lat' dir='ltr'>in</span> <span class='ocrx_word' id='word_1_51' title='bbox 1132 810 1193 862; x_wconf 86' lang='lat' dir='ltr'>-tus</span> <span class='ocrx_word' id='word_1_52' title='bbox 1214 799 1264 874; x_wconf 88' lang='grc'>30,</span> <span class='ocrx_word' id='word_1_53' title='bbox 1290 798 1320 862; x_wconf 91' lang='lat' dir='ltr'>ia</span> <span class='ocrx_word' id='word_1_54' title='bbox 1343 817 1417 862; x_wconf 88' lang='lat' dir='ltr'>-ura</span> <span class='ocrx_word' id='word_1_55' title='bbox 1438 799 1488 874; x_wconf 86' lang='lat'>20,</span> <span class='ocrx_word' id='word_1_56' title='bbox 1519 799 1549 863; x_wconf 93' lang='lat' dir='ltr'>in</span> <span class='ocrx_word' id='word_1_57' title='bbox 1573 803 1631 864; x_wconf 89' lang='lat' dir='ltr'>-tia</span> <span class='ocrx_word' id='word_1_58' title='bbox 1653 809 1683 864; x_wconf 92' lang='lat' dir='ltr'>et</span> <span class='ocrx_word' id='word_1_59' title='bbox 1708 805 1754 864; x_wconf 90' lang='lat' dir='ltr'>-io</span> <span class='ocrx_word' id='word_1_60' title='bbox 1778 803 1827 876; x_wconf 88' lang='grc'>16,</span> <span class='ocrx_word' id='word_1_61' title='bbox 1856 803 1888 866; x_wconf 92' lang='lat' dir='ltr'>in</span> <span class='ocrx_word' id='word_1_62' title='bbox 1914 807 1998 868; x_wconf 87' lang='lat' dir='ltr'>-tudo</span> 
     </span>
     <span class='ocr_line' id='line_1_6' title="bbox 297 884 873 986; baseline -0.002 -14"><span class='ocrx_word' id='word_1_63' title='bbox 297 911 472 986; x_wconf 82' lang='grc'>1111111,</span> <span class='ocrx_word' id='word_1_64' title='bbox 502 910 533 974; x_wconf 86' lang='grc'>11</span> <span class='ocrx_word' id='word_1_65' title='bbox 559 928 612 974; x_wconf 88' lang='lat' dir='ltr'>-or</span> <span class='ocrx_word' id='word_1_66' title='bbox 634 913 663 986; x_wconf 87' lang='lat'>5,</span> <span class='ocrx_word' id='word_1_67' title='bbox 692 909 723 973; x_wconf 94' lang='lat' dir='ltr'>in</span> <span class='ocrx_word' id='word_1_68' title='bbox 749 913 817 972; x_wconf 88' lang='lat' dir='ltr'>-iua</span> <span class='ocrx_word' id='word_1_69' title='bbox 839 884 873 972; x_wconf 82' lang='lat'>3&#39;:</span> 
     </span>
    </p>

    <p class='ocr_par' dir='ltr' id='par_1_3' title="bbox 289 1022 1998 4372">
     <span class='ocr_line' id='line_1_7' title="bbox 439 1022 1997 1106; baseline 0.003 -20"><span class='ocrx_word' id='word_1_70' title='bbox 439 1022 635 1086; x_wconf 84' lang='lat' dir='ltr'>abundantiae</span> <span class='ocrx_word' id='word_1_71' title='bbox 656 1023 790 1103; x_wconf 90' lang='lat' dir='ltr'>(propter</span> <span class='ocrx_word' id='word_1_72' title='bbox 812 1023 973 1085; x_wconf 90' lang='lat' dir='ltr'>carbonum</span> <span class='ocrx_word' id='word_1_73' title='bbox 997 1024 1146 1086; x_wconf 86' lang='lat' dir='ltr'>raritatem</span> <span class='ocrx_word' id='word_1_74' title='bbox 1171 1022 1353 1103; x_wconf 75' lang='lat' dir='ltr'>excipientur</span> <span class='ocrx_word' id='word_1_75' title='bbox 1374 1042 1517 1104; x_wconf 91' lang='lat' dir='ltr'>aquarum</span> <span class='ocrx_word' id='word_1_76' title='bbox 1540 1024 1736 1088; x_wconf 88' lang='lat' dir='ltr'>abundantiae</span> <span class='ocrx_word' id='word_1_77' title='bbox 1758 1026 1827 1102; x_wconf 91' lang='grc'>124,</span> <span class='ocrx_word' id='word_1_78' title='bbox 1852 1030 1903 1106; x_wconf 93' lang='grc'>11)</span> <span class='ocrx_word' id='word_1_79' title='bbox 1943 1029 1997 1091; x_wconf 90' lang='lat' dir='ltr'>ad·</span> 
     </span>
     <span class='ocr_line' id='line_1_8' title="bbox 296 1134 1998 1222; baseline 0.003 -24"><span class='ocrx_word' id='word_1_80' title='bbox 296 1136 434 1199; x_wconf 83' lang='lat' dir='ltr'>lectiones</span> <span class='ocrx_word' id='word_1_81' title='bbox 464 1136 561 1198; x_wconf 90' lang='lat' dir='ltr'>aditus</span> <span class='ocrx_word' id='word_1_82' title='bbox 590 1135 862 1198; x_wconf 86' lang='lat' dir='ltr'>administrationes</span> <span class='ocrx_word' id='word_1_83' title='bbox 892 1135 1103 1198; x_wconf 84' lang='lat' dir='ltr'>admirationes</span> <span class='ocrx_word' id='word_1_84' title='bbox 1137 1134 1355 1216; x_wconf 92' lang='lat' dir='ltr'>adportationes</span> <span class='ocrx_word' id='word_1_85' title='bbox 1385 1136 1527 1199; x_wconf 83' lang='lat' dir='ltr'>adrentus</span> <span class='ocrx_word' id='word_1_86' title='bbox 1554 1137 1769 1202; x_wconf 84' lang='lat' dir='ltr'>aedificationes</span> <span class='ocrx_word' id='word_1_87' title='bbox 1798 1148 1908 1202; x_wconf 86' lang='lat' dir='ltr'>aetates</span> <span class='ocrx_word' id='word_1_88' title='bbox 1937 1142 1998 1222; x_wconf 85' lang='lat' dir='ltr'>agi-</span> 
     </span>
     <span class='ocr_line' id='line_1_9' title="bbox 297 1246 1998 1332; baseline 0.002 -20"><span class='ocrx_word' id='word_1_89' title='bbox 297 1249 422 1312; x_wconf 89' lang='lat' dir='ltr'>tationes</span> <span class='ocrx_word' id='word_1_90' title='bbox 447 1248 628 1329; x_wconf 81' lang='lat' dir='ltr'>alligationes</span> <span class='ocrx_word' id='word_1_91' title='bbox 658 1247 826 1310; x_wconf 89' lang='lat' dir='ltr'>altitudines</span> <span class='ocrx_word' id='word_1_92' title='bbox 857 1247 1071 1310; x_wconf 89' lang='lat' dir='ltr'>ambulationes</span> <span class='ocrx_word' id='word_1_93' title='bbox 1102 1246 1344 1329; x_wconf 84' lang='lat' dir='ltr'>amplificationes</span> <span class='ocrx_word' id='word_1_94' title='bbox 1373 1249 1582 1330; x_wconf 87' lang='lat' dir='ltr'>amphtudines</span> <span class='ocrx_word' id='word_1_95' title='bbox 1612 1260 1765 1331; x_wconf 90' lang='lat' dir='ltr'>aperturae</span> <span class='ocrx_word' id='word_1_96' title='bbox 1795 1253 1998 1332; x_wconf 87' lang='lat' dir='ltr'>apparationes</span> 
     </span>
     <span class='ocr_line' id='line_1_10' title="bbox 296 1359 1997 1444; baseline 0.002 -20"><span class='ocrx_word' id='word_1_97' title='bbox 296 1371 452 1443; x_wconf 91' lang='lat' dir='ltr'>apparatus</span> <span class='ocrx_word' id='word_1_98' title='bbox 474 1360 596 1442; x_wconf 91' lang='grc'>(161,3</span> <span class='ocrx_word' id='word_1_99' title='bbox 620 1361 781 1442; x_wconf 92' lang='lat' dir='ltr'>prudentes</span> <span class='ocrx_word' id='word_1_100' title='bbox 803 1359 1029 1442; x_wconf 89' lang='lat' dir='ltr'>cogitationum)</span> <span class='ocrx_word' id='word_1_101' title='bbox 1051 1359 1260 1442; x_wconf 89' lang='lat' dir='ltr'>appellationes</span> <span class='ocrx_word' id='word_1_102' title='bbox 1289 1379 1428 1423; x_wconf 91' lang='lat' dir='ltr'>ascensus</span> <span class='ocrx_word' id='word_1_103' title='bbox 1455 1371 1590 1444; x_wconf 90' lang='lat' dir='ltr'>aspectus</span> <span class='ocrx_word' id='word_1_104' title='bbox 1616 1362 1787 1444; x_wconf 87' lang='lat' dir='ltr'>asperitates</span> <span class='ocrx_word' id='word_1_105' title='bbox 1809 1365 1997 1428; x_wconf 83' lang='lat' dir='ltr'>auctoritates</span> 
     </span>
     <span class='ocr_line' id='line_1_11' title="bbox 295 1473 1996 1557; baseline 0.002 -21"><span class='ocrx_word' id='word_1_106' title='bbox 295 1483 399 1538; x_wconf 92' lang='lat' dir='ltr'>auctus</span> <span class='ocrx_word' id='word_1_107' title='bbox 436 1473 601 1538; x_wconf 89' lang='lat' dir='ltr'>auditiones</span> <span class='ocrx_word' id='word_1_108' title='bbox 640 1473 800 1536; x_wconf 85' lang='lat' dir='ltr'>breuitates</span> <span class='ocrx_word' id='word_1_109' title='bbox 834 1473 985 1537; x_wconf 69' lang='lat' dir='ltr'>cannones</span> <span class='ocrx_word' id='word_1_110' title='bbox 1019 1473 1218 1536; x_wconf 86' lang='lat' dir='ltr'>catenationes</span> <span class='ocrx_word' id='word_1_111' title='bbox 1252 1477 1419 1538; x_wconf 88' lang='lat' dir='ltr'>certationes</span> <span class='ocrx_word' id='word_1_112' title='bbox 1448 1475 1675 1557; x_wconf 91' lang='lat' dir='ltr'>chorographiae</span> <span class='ocrx_word' id='word_1_113' title='bbox 1700 1477 1783 1553; x_wconf 96' lang='grc'>(190,</span> <span class='ocrx_word' id='word_1_114' title='bbox 1809 1479 1845 1538; x_wconf 91' lang='grc'>11</span> <span class='ocrx_word' id='word_1_115' title='bbox 1875 1478 1996 1541; x_wconf 86' lang='lat' dir='ltr'>flumina</span> 
     </span>
     <span class='ocr_line' id='line_1_12' title="bbox 295 1585 1997 1669; baseline 0.003 -20"><span class='ocrx_word' id='word_1_116' title='bbox 295 1587 514 1669; x_wconf 81' lang='lat' dir='ltr'>chorographiis</span> <span class='ocrx_word' id='word_1_117' title='bbox 535 1585 626 1669; x_wconf 88' lang='lat' dir='ltr'>picta)</span> <span class='ocrx_word' id='word_1_118' title='bbox 649 1591 844 1650; x_wconf 83' lang='lat' dir='ltr'>ciru&#39;uationes</span> <span class='ocrx_word' id='word_1_119' title='bbox 866 1587 1121 1649; x_wconf 77' lang='lat' dir='ltr'>circumductiones</span> <span class='ocrx_word' id='word_1_120' title='bbox 1143 1586 1363 1649; x_wconf 89' lang='lat' dir='ltr'>circumitiones</span> <span class='ocrx_word' id='word_1_121' title='bbox 1386 1593 1640 1669; x_wconf 82' lang='lat' dir='ltr'>coagnuntctiones</span> <span class='ocrx_word' id='word_1_122' title='bbox 1661 1592 1843 1653; x_wconf 79' lang='lat' dir='ltr'>coaaatioues</span> <span class='ocrx_word' id='word_1_123' title='bbox 1867 1602 1997 1654; x_wconf 83' lang='grc'>1111111</span> 
     </span>
     <span class='ocr_line' id='line_1_13' title="bbox 295 1698 1995 1784; baseline 0.002 -21"><span class='ocrx_word' id='word_1_124' title='bbox 295 1699 485 1780; x_wconf 89' lang='lat' dir='ltr'>cogitationes</span> <span class='ocrx_word' id='word_1_125' title='bbox 515 1717 690 1762; x_wconf 86' lang='lat' dir='ltr'>commensus</span> <span class='ocrx_word' id='word_1_126' title='bbox 711 1699 797 1780; x_wconf 90' lang='grc'>(103,</span> <span class='ocrx_word' id='word_1_127' title='bbox 821 1699 859 1760; x_wconf 99' lang='grc'>21</span> <span class='ocrx_word' id='word_1_128' title='bbox 884 1699 983 1780; x_wconf 86' lang='lat' dir='ltr'>itaque</span> <span class='ocrx_word' id='word_1_129' title='bbox 1006 1700 1136 1762; x_wconf 91' lang='lat' dir='ltr'>occultas</span> <span class='ocrx_word' id='word_1_130' title='bbox 1157 1698 1376 1762; x_wconf 90' lang='lat' dir='ltr'>nominationes</span> <span class='ocrx_word' id='word_1_131' title='bbox 1399 1718 1646 1782; x_wconf 90' lang='lat' dir='ltr'>commensusque</span> <span class='ocrx_word' id='word_1_132' title='bbox 1670 1720 1685 1764; x_wconf 89' lang='grc'>1</span> <span class='ocrx_word' id='word_1_133' title='bbox 1709 1702 1850 1765; x_wconf 89' lang='lat' dir='ltr'>membris</span> <span class='ocrx_word' id='word_1_134' title='bbox 1872 1722 1995 1784; x_wconf 90' lang='lat' dir='ltr'>operum</span> 
     </span>
     <span class='ocr_line' id='line_1_14' title="bbox 294 1811 1996 1895; baseline 0.002 -20"><span class='ocrx_word' id='word_1_135' title='bbox 294 1812 504 1894; x_wconf 66' lang='lat' dir='ltr'>pronuntiatam</span> <span class='ocrx_word' id='word_1_136' title='bbox 540 1812 670 1888; x_wconf 90' lang='grc'>134,11</span> <span class='ocrx_word' id='word_1_137' title='bbox 700 1831 889 1875; x_wconf 86' lang='lat' dir='ltr'>commensus</span> <span class='ocrx_word' id='word_1_138' title='bbox 917 1812 1173 1893; x_wconf 81' lang='lat' dir='ltr'>symmetriarum3</span> <span class='ocrx_word' id='word_1_139' title='bbox 1209 1811 1278 1885; x_wconf 84' lang='lat'>138,</span> <span class='ocrx_word' id='word_1_140' title='bbox 1301 1811 1342 1873; x_wconf 90' lang='grc'>27</span> <span class='ocrx_word' id='word_1_141' title='bbox 1369 1831 1437 1876; x_wconf 92' lang='lat' dir='ltr'>cam</span> <span class='ocrx_word' id='word_1_142' title='bbox 1466 1813 1626 1876; x_wconf 89' lang='lat' dir='ltr'>constituta</span> <span class='ocrx_word' id='word_1_143' title='bbox 1655 1814 1893 1895; x_wconf 80' lang='lat' dir='ltr'>symmetriarum</span> <span class='ocrx_word' id='word_1_144' title='bbox 1922 1817 1996 1879; x_wconf 92' lang='lat' dir='ltr'>ratio</span> 
     </span>
     <span class='ocr_line' id='line_1_15' title="bbox 294 1924 1997 2008; baseline 0.002 -21"><span class='ocrx_word' id='word_1_145' title='bbox 294 1926 384 1988; x_wconf 83' lang='lat' dir='ltr'>luerit</span> <span class='ocrx_word' id='word_1_146' title='bbox 405 1935 436 1988; x_wconf 92' lang='lat' dir='ltr'>et</span> <span class='ocrx_word' id='word_1_147' title='bbox 456 1943 646 1989; x_wconf 87' lang='lat' dir='ltr'>commensus</span> <span class='ocrx_word' id='word_1_148' title='bbox 668 1924 941 1988; x_wconf 87' lang='lat' dir='ltr'>ratiocinationibus</span> <span class='ocrx_word' id='word_1_149' title='bbox 964 1925 1113 2006; x_wconf 85' lang='lat' dir='ltr'>explicati)</span> <span class='ocrx_word' id='word_1_150' title='bbox 1145 1929 1349 1987; x_wconf 85' lang='lat' dir='ltr'>commissurae</span> <span class='ocrx_word' id='word_1_151' title='bbox 1371 1924 1436 2006; x_wconf 87' lang='lat'>(58,</span> <span class='ocrx_word' id='word_1_152' title='bbox 1460 1927 1479 1986; x_wconf 89' lang='grc'>4</span> <span class='ocrx_word' id='word_1_153' title='bbox 1508 1927 1539 1988; x_wconf 88' lang='grc'>11</span> <span class='ocrx_word' id='word_1_154' title='bbox 1560 1925 1765 1989; x_wconf 89' lang='lat' dir='ltr'>commissuris</span> <span class='ocrx_word' id='word_1_155' title='bbox 1788 1937 1818 1989; x_wconf 93' lang='lat' dir='ltr'>et</span> <span class='ocrx_word' id='word_1_156' title='bbox 1839 1947 1997 2008; x_wconf 90' lang='lat' dir='ltr'>coagmen-</span> 
     </span>
     <span class='ocr_line' id='line_1_16' title="bbox 294 2037 1996 2120; baseline 0.001 -20"><span class='ocrx_word' id='word_1_157' title='bbox 294 2038 464 2114; x_wconf 88' lang='lat' dir='ltr'>tationibus,</span> <span class='ocrx_word' id='word_1_158' title='bbox 488 2038 560 2113; x_wconf 96' lang='grc'>208,</span> <span class='ocrx_word' id='word_1_159' title='bbox 575 2037 616 2099; x_wconf 92' lang='grc'>23</span> <span class='ocrx_word' id='word_1_160' title='bbox 640 2037 779 2100; x_wconf 84' lang='lat' dir='ltr'>dissolvet</span> <span class='ocrx_word' id='word_1_161' title='bbox 800 2038 967 2100; x_wconf 83' lang='lat' dir='ltr'>fistularum</span> <span class='ocrx_word' id='word_1_162' title='bbox 993 2037 1219 2117; x_wconf 89' lang='lat' dir='ltr'>commissuras)</span> <span class='ocrx_word' id='word_1_163' title='bbox 1246 2043 1461 2101; x_wconf 81' lang='lat' dir='ltr'>communitates</span> <span class='ocrx_word' id='word_1_164' title='bbox 1483 2039 1568 2116; x_wconf 85' lang='lat'>(115,</span> <span class='ocrx_word' id='word_1_165' title='bbox 1584 2037 1626 2100; x_wconf 90' lang='grc'>28</span> <span class='ocrx_word' id='word_1_166' title='bbox 1649 2038 1889 2120; x_wconf 77' lang='lat' dir='ltr'>symphoniarum</span> <span class='ocrx_word' id='word_1_167' title='bbox 1913 2058 1996 2102; x_wconf 91' lang='lat' dir='ltr'>corn-</span> 
     </span>
     <span class='ocr_line' id='line_1_17' title="bbox 293 2149 1996 2234; baseline 0.002 -22"><span class='ocrx_word' id='word_1_168' title='bbox 293 2151 465 2228; x_wconf 90' lang='lat' dir='ltr'>munitates)</span> <span class='ocrx_word' id='word_1_169' title='bbox 501 2154 703 2232; x_wconf 84' lang='lat' dir='ltr'>compactiones</span> <span class='ocrx_word' id='word_1_170' title='bbox 736 2155 960 2230; x_wconf 86' lang='lat' dir='ltr'>comparationes</span> <span class='ocrx_word' id='word_1_171' title='bbox 981 2149 1045 2230; x_wconf 89' lang='grc'>(23,</span> <span class='ocrx_word' id='word_1_172' title='bbox 1070 2151 1106 2210; x_wconf 92' lang='grc'>11</span> <span class='ocrx_word' id='word_1_173' title='bbox 1132 2149 1176 2212; x_wconf 91' lang='lat' dir='ltr'>uti</span> <span class='ocrx_word' id='word_1_174' title='bbox 1197 2169 1233 2211; x_wconf 87' lang='lat' dir='ltr'>ex</span> <span class='ocrx_word' id='word_1_175' title='bbox 1260 2150 1308 2214; x_wconf 90' lang='lat' dir='ltr'>his</span> <span class='ocrx_word' id='word_1_176' title='bbox 1337 2149 1606 2230; x_wconf 91' lang='lat' dir='ltr'>comparationibus</span> <span class='ocrx_word' id='word_1_177' title='bbox 1633 2151 1669 2213; x_wconf 92' lang='lat' dir='ltr'>ad</span> <span class='ocrx_word' id='word_1_178' title='bbox 1696 2151 1897 2214; x_wconf 88' lang='lat' dir='ltr'>aeternitatem</span> <span class='ocrx_word' id='word_1_179' title='bbox 1927 2171 1996 2234; x_wconf 86' lang='lat' dir='ltr'>per-</span> 
     </span>
     <span class='ocr_line' id='line_1_18' title="bbox 293 2261 1994 2344; baseline 0.002 -20"><span class='ocrx_word' id='word_1_180' title='bbox 293 2265 387 2326; x_wconf 84' lang='lat' dir='ltr'>lectus</span> <span class='ocrx_word' id='word_1_181' title='bbox 409 2263 552 2326; x_wconf 89' lang='lat' dir='ltr'>habeatur</span> <span class='ocrx_word' id='word_1_182' title='bbox 574 2262 798 2337; x_wconf 60' lang='grc'>1111114821</span> <span class='ocrx_word' id='word_1_183' title='bbox 825 2262 927 2343; x_wconf 91' lang='lat' dir='ltr'>spissis</span> <span class='ocrx_word' id='word_1_184' title='bbox 949 2261 1219 2343; x_wconf 89' lang='lat' dir='ltr'>comparationibus</span> <span class='ocrx_word' id='word_1_185' title='bbox 1243 2262 1382 2326; x_wconf 85' lang='lat' dir='ltr'>solidatae</span> <span class='ocrx_word' id='word_1_186' title='bbox 1398 2262 1448 2338; x_wconf 91' lang='grc'>62,</span> <span class='ocrx_word' id='word_1_187' title='bbox 1466 2264 1485 2324; x_wconf 93' lang='grc'>4</span> <span class='ocrx_word' id='word_1_188' title='bbox 1500 2262 1600 2344; x_wconf 91' lang='lat' dir='ltr'>copiae</span> <span class='ocrx_word' id='word_1_189' title='bbox 1621 2264 1804 2326; x_wconf 89' lang='lat' dir='ltr'>necessariae</span> <span class='ocrx_word' id='word_1_190' title='bbox 1825 2264 1856 2326; x_wconf 92' lang='lat' dir='ltr'>in</span> <span class='ocrx_word' id='word_1_191' title='bbox 1879 2265 1994 2328; x_wconf 91' lang='lat' dir='ltr'>aedium</span> 
     </span>
     <span class='ocr_line' id='line_1_19' title="bbox 293 2357 1997 2458; baseline 0.001 -20"><span class='ocrx_word' id='word_1_192' title='bbox 293 2375 562 2458; x_wconf 90' lang='lat' dir='ltr'>comparationibus</span> <span class='ocrx_word' id='word_1_193' title='bbox 593 2377 663 2450; x_wconf 91' lang='grc'>155,</span> <span class='ocrx_word' id='word_1_194' title='bbox 687 2374 725 2438; x_wconf 88' lang='grc'>18</span> <span class='ocrx_word' id='word_1_195' title='bbox 748 2383 971 2456; x_wconf 88' lang='lat' dir='ltr'>praeceptorum</span> <span class='ocrx_word' id='word_1_196' title='bbox 995 2374 1264 2456; x_wconf 90' lang='lat' dir='ltr'>comparationibus</span> <span class='ocrx_word' id='word_1_197' title='bbox 1295 2375 1367 2448; x_wconf 85' lang='grc'>275,</span> <span class='ocrx_word' id='word_1_198' title='bbox 1390 2376 1429 2438; x_wconf 88' lang='grc'>10</span> <span class='ocrx_word' id='word_1_199' title='bbox 1451 2393 1526 2457; x_wconf 90' lang='lat' dir='ltr'>quae</span> <span class='ocrx_word' id='word_1_200' title='bbox 1547 2395 1565 2437; x_wconf 95' lang='lat' dir='ltr'>a</span> <span class='ocrx_word' id='word_1_201' title='bbox 1587 2357 1676 2438; x_wconf 82' lang='lat' dir='ltr'>[iiade</span> <span class='ocrx_word' id='word_1_202' title='bbox 1702 2376 1738 2438; x_wconf 93' lang='lat' dir='ltr'>de</span> <span class='ocrx_word' id='word_1_203' title='bbox 1761 2377 1904 2440; x_wconf 92' lang='lat' dir='ltr'>machinis</span> <span class='ocrx_word' id='word_1_204' title='bbox 1925 2386 1997 2440; x_wconf 91' lang='lat' dir='ltr'>sunt</span> 
     </span>
     <span class='ocr_line' id='line_1_20' title="bbox 293 2487 1996 2571; baseline 0.001 -20"><span class='ocrx_word' id='word_1_205' title='bbox 293 2490 400 2570; x_wconf 88' lang='lat' dir='ltr'>scripta</span> <span class='ocrx_word' id='word_1_206' title='bbox 414 2489 522 2571; x_wconf 90' lang='lat' dir='ltr'>quibus</span> <span class='ocrx_word' id='word_1_207' title='bbox 538 2488 599 2552; x_wconf 89' lang='lat' dir='ltr'>sint</span> <span class='ocrx_word' id='word_1_208' title='bbox 612 2507 742 2569; x_wconf 90' lang='lat' dir='ltr'>compar.</span> <span class='ocrx_word' id='word_1_209' title='bbox 758 2488 893 2569; x_wconf 83' lang='lat' dir='ltr'>exposui)</span> <span class='ocrx_word' id='word_1_210' title='bbox 920 2487 1169 2569; x_wconf 89' lang='lat' dir='ltr'>comportationes</span> <span class='ocrx_word' id='word_1_211' title='bbox 1196 2493 1452 2552; x_wconf 86' lang='lat' dir='ltr'>conmmerationes</span> <span class='ocrx_word' id='word_1_212' title='bbox 1478 2497 1628 2550; x_wconf 75' lang='lat' dir='ltr'>concentus</span> <span class='ocrx_word' id='word_1_213' title='bbox 1642 2488 1727 2568; x_wconf 88' lang='lat'>(113,</span> <span class='ocrx_word' id='word_1_214' title='bbox 1746 2488 1785 2550; x_wconf 87' lang='grc'>10</span> <span class='ocrx_word' id='word_1_215' title='bbox 1800 2509 1876 2570; x_wconf 88' lang='lat' dir='ltr'>quos</span> <span class='ocrx_word' id='word_1_216' title='bbox 1891 2500 1996 2552; x_wconf 89' lang='lat' dir='ltr'>natura</span> 
     </span>
     <span class='ocr_line' id='line_1_21' title="bbox 292 2599 1996 2683; baseline 0.001 -19"><span class='ocrx_word' id='word_1_217' title='bbox 292 2600 423 2664; x_wconf 89' lang='lat' dir='ltr'>bominis</span> <span class='ocrx_word' id='word_1_218' title='bbox 445 2601 589 2665; x_wconf 88' lang='lat' dir='ltr'>modulari</span> <span class='ocrx_word' id='word_1_219' title='bbox 612 2610 710 2683; x_wconf 88' lang='lat' dir='ltr'>potest</span> <span class='ocrx_word' id='word_1_220' title='bbox 733 2619 891 2682; x_wconf 88' lang='lat' dir='ltr'>graeceqnc</span> <span class='ocrx_word' id='word_1_221' title='bbox 916 2600 1106 2682; x_wconf 90' lang='lat' dir='ltr'>symphoniae</span> <span class='ocrx_word' id='word_1_222' title='bbox 1130 2600 1270 2663; x_wconf 91' lang='lat' dir='ltr'>dicuntur</span> <span class='ocrx_word' id='word_1_223' title='bbox 1292 2608 1363 2663; x_wconf 92' lang='lat' dir='ltr'>sunt</span> <span class='ocrx_word' id='word_1_224' title='bbox 1385 2619 1436 2661; x_wconf 88' lang='lat' dir='ltr'>sex</span> <span class='ocrx_word' id='word_1_225' title='bbox 1464 2600 1533 2674; x_wconf 89' lang='grc'>114,</span> <span class='ocrx_word' id='word_1_226' title='bbox 1550 2599 1569 2662; x_wconf 89' lang='grc'>3</span> <span class='ocrx_word' id='word_1_227' title='bbox 1585 2599 1613 2662; x_wconf 89' lang='grc'>11</span> <span class='ocrx_word' id='word_1_228' title='bbox 1627 2609 1788 2664; x_wconf 89' lang='lat' dir='ltr'>concentus</span> <span class='ocrx_word' id='word_1_229' title='bbox 1803 2611 1996 2683; x_wconf 86' lang='lat' dir='ltr'>procreantur</span> 
     </span>
     <span class='ocr_line' id='line_1_22' title="bbox 292 2712 1995 2794; baseline -0.001 -17"><span class='ocrx_word' id='word_1_230' title='bbox 292 2733 328 2777; x_wconf 89' lang='lat' dir='ltr'>cx</span> <span class='ocrx_word' id='word_1_231' title='bbox 350 2714 556 2778; x_wconf 90' lang='lat' dir='ltr'>coniunctione</span> <span class='ocrx_word' id='word_1_232' title='bbox 579 2713 746 2792; x_wconf 89' lang='lat' dir='ltr'>sonituum)</span> <span class='ocrx_word' id='word_1_233' title='bbox 781 2718 972 2794; x_wconf 77' lang='lat' dir='ltr'>concaptivans</span> <span class='ocrx_word' id='word_1_234' title='bbox 994 2712 1137 2794; x_wconf 84' lang='lat'>(183,17</span> <span class='ocrx_word' id='word_1_235' title='bbox 1161 2722 1269 2776; x_wconf 89' lang='lat' dir='ltr'>terram</span> <span class='ocrx_word' id='word_1_236' title='bbox 1292 2733 1308 2776; x_wconf 92' lang='lat' dir='ltr'>e</span> <span class='ocrx_word' id='word_1_237' title='bbox 1330 2712 1499 2775; x_wconf 90' lang='lat' dir='ltr'>caelestium</span> <span class='ocrx_word' id='word_1_238' title='bbox 1523 2712 1662 2776; x_wconf 90' lang='lat' dir='ltr'>imbriam</span> <span class='ocrx_word' id='word_1_239' title='bbox 1687 2714 1925 2794; x_wconf 90' lang='lat' dir='ltr'>conceptionibus</span> <span class='ocrx_word' id='word_1_240' title='bbox 1947 2715 1995 2776; x_wconf 90' lang='lat' dir='ltr'>in-</span> 
     </span>
     <span class='ocr_line' id='line_1_23' title="bbox 292 2825 1995 2908; baseline 0 -18"><span class='ocrx_word' id='word_1_241' title='bbox 292 2826 480 2908; x_wconf 88' lang='lat' dir='ltr'>seminatam)</span> <span class='ocrx_word' id='word_1_242' title='bbox 517 2826 721 2890; x_wconf 90' lang='lat' dir='ltr'>conclusiones</span> <span class='ocrx_word' id='word_1_243' title='bbox 764 2827 949 2890; x_wconf 86' lang='lat' dir='ltr'>canelusurac</span> <span class='ocrx_word' id='word_1_244' title='bbox 989 2845 1165 2908; x_wconf 90' lang='lat' dir='ltr'>congressus</span> <span class='ocrx_word' id='word_1_245' title='bbox 1194 2825 1259 2907; x_wconf 93' lang='grc'>(37,</span> <span class='ocrx_word' id='word_1_246' title='bbox 1280 2825 1299 2887; x_wconf 87' lang='grc'>3</span> <span class='ocrx_word' id='word_1_247' title='bbox 1322 2826 1429 2906; x_wconf 89' lang='lat' dir='ltr'>quibus</span> <span class='ocrx_word' id='word_1_248' title='bbox 1452 2825 1645 2888; x_wconf 90' lang='lat' dir='ltr'>mixtionibus</span> <span class='ocrx_word' id='word_1_249' title='bbox 1678 2825 1888 2908; x_wconf 91' lang='lat' dir='ltr'>principiorum</span> <span class='ocrx_word' id='word_1_250' title='bbox 1922 2847 1995 2890; x_wconf 92' lang='lat' dir='ltr'>con-</span> 
     </span>
     <span class='ocr_line' id='line_1_24' title="bbox 290 2939 1993 3022; baseline 0.001 -20"><span class='ocrx_word' id='word_1_251' title='bbox 290 2957 410 3020; x_wconf 90' lang='lat' dir='ltr'>gressus</span> <span class='ocrx_word' id='word_1_252' title='bbox 432 2941 648 3022; x_wconf 89' lang='lat' dir='ltr'>temperentur)</span> <span class='ocrx_word' id='word_1_253' title='bbox 678 2939 887 3019; x_wconf 89' lang='lat' dir='ltr'>conligationes</span> <span class='ocrx_word' id='word_1_254' title='bbox 917 2939 1122 3003; x_wconf 80' lang='lat' dir='ltr'>conlocutiones</span> <span class='ocrx_word' id='word_1_255' title='bbox 1147 2939 1379 3020; x_wconf 88' lang='lat' dir='ltr'>conscriptiones</span> <span class='ocrx_word' id='word_1_256' title='bbox 1409 2943 1608 3002; x_wconf 81' lang='lat' dir='ltr'>comeumnce</span> <span class='ocrx_word' id='word_1_257' title='bbox 1637 2939 1930 3017; x_wconf 85' lang='lat' dir='ltr'>comtitutioues(35,</span> <span class='ocrx_word' id='word_1_258' title='bbox 1955 2943 1993 3003; x_wconf 91' lang='grc'>17</span> 
     </span>
     <span class='ocr_line' id='line_1_25' title="bbox 291 3050 1994 3135; baseline 0.001 -20"><span class='ocrx_word' id='word_1_259' title='bbox 291 3071 424 3115; x_wconf 89' lang='lat' dir='ltr'>casarum</span> <span class='ocrx_word' id='word_1_260' title='bbox 451 3053 502 3126; x_wconf 89' lang='grc'>96,</span> <span class='ocrx_word' id='word_1_261' title='bbox 520 3051 538 3115; x_wconf 94' lang='grc'>8</span> <span class='ocrx_word' id='word_1_262' title='bbox 554 3052 766 3135; x_wconf 83' lang='lat' dir='ltr'>convertendae</span> <span class='ocrx_word' id='word_1_263' title='bbox 789 3061 860 3115; x_wconf 91' lang='lat' dir='ltr'>sunt</span> <span class='ocrx_word' id='word_1_264' title='bbox 886 3070 988 3114; x_wconf 92' lang='lat' dir='ltr'>earum</span> <span class='ocrx_word' id='word_1_265' title='bbox 1011 3053 1165 3132; x_wconf 90' lang='lat' dir='ltr'>regionum</span> <span class='ocrx_word' id='word_1_266' title='bbox 1188 3050 1428 3132; x_wconf 91' lang='lat' dir='ltr'>constitutiones)</span> <span class='ocrx_word' id='word_1_267' title='bbox 1458 3051 1813 3131; x_wconf 78' lang='grc'>1111111111(13,21</span> <span class='ocrx_word' id='word_1_268' title='bbox 1838 3052 1912 3116; x_wconf 88' lang='lat' dir='ltr'>alius</span> <span class='ocrx_word' id='word_1_269' title='bbox 1927 3063 1994 3116; x_wconf 91' lang='lat' dir='ltr'>ante</span> 
     </span>
     <span class='ocr_line' id='line_1_26' title="bbox 291 3163 1994 3244; baseline 0.001 -18"><span class='ocrx_word' id='word_1_270' title='bbox 291 3164 402 3227; x_wconf 91' lang='lat' dir='ltr'>ordinis</span> <span class='ocrx_word' id='word_1_271' title='bbox 420 3164 683 3228; x_wconf 90' lang='lat' dir='ltr'>consuetudinibus</span> <span class='ocrx_word' id='word_1_272' title='bbox 711 3164 855 3227; x_wconf 90' lang='lat' dir='ltr'>institutis</span> <span class='ocrx_word' id='word_1_273' title='bbox 880 3163 950 3236; x_wconf 90' lang='grc'>148,</span> <span class='ocrx_word' id='word_1_274' title='bbox 967 3163 1007 3227; x_wconf 88' lang='grc'>28</span> <span class='ocrx_word' id='word_1_275' title='bbox 1035 3165 1213 3228; x_wconf 87' lang='lat' dir='ltr'>Graecorum</span> <span class='ocrx_word' id='word_1_276' title='bbox 1236 3163 1500 3226; x_wconf 91' lang='lat' dir='ltr'>consuetudinibus</span> <span class='ocrx_word' id='word_1_277' title='bbox 1529 3164 1655 3238; x_wconf 93' lang='grc'>151,17</span> <span class='ocrx_word' id='word_1_278' title='bbox 1679 3163 1788 3244; x_wconf 90' lang='lat' dir='ltr'>quibas</span> <span class='ocrx_word' id='word_1_279' title='bbox 1816 3183 1840 3226; x_wconf 89' lang='lat' dir='ltr'>c.</span> <span class='ocrx_word' id='word_1_280' title='bbox 1864 3165 1994 3228; x_wconf 89' lang='lat' dir='ltr'>aedificia</span> 
     </span>
     <span class='ocr_line' id='line_1_27' title="bbox 289 3275 1994 3358; baseline 0.001 -20"><span class='ocrx_word' id='word_1_281' title='bbox 289 3277 389 3340; x_wconf 92' lang='lat' dir='ltr'>ltalico</span> <span class='ocrx_word' id='word_1_282' title='bbox 415 3297 498 3341; x_wconf 90' lang='lat' dir='ltr'>more</span> <span class='ocrx_word' id='word_1_283' title='bbox 526 3281 749 3341; x_wconf 79' lang='lat' dir='ltr'>conformantur</span> <span class='ocrx_word' id='word_1_284' title='bbox 775 3277 847 3353; x_wconf 90' lang='grc'>245,</span> <span class='ocrx_word' id='word_1_285' title='bbox 866 3277 907 3340; x_wconf 95' lang='grc'>26</span> <span class='ocrx_word' id='word_1_286' title='bbox 930 3285 1084 3358; x_wconf 85' lang='lat' dir='ltr'>ceteraque</span> <span class='ocrx_word' id='word_1_287' title='bbox 1112 3296 1188 3358; x_wconf 90' lang='lat' dir='ltr'>quae</span> <span class='ocrx_word' id='word_1_288' title='bbox 1210 3295 1384 3340; x_wconf 89' lang='lat' dir='ltr'>communes</span> <span class='ocrx_word' id='word_1_289' title='bbox 1411 3275 1446 3338; x_wconf 93' lang='lat' dir='ltr'>ad</span> <span class='ocrx_word' id='word_1_290' title='bbox 1474 3293 1561 3338; x_wconf 92' lang='lat' dir='ltr'>usum</span> <span class='ocrx_word' id='word_1_291' title='bbox 1593 3275 1857 3339; x_wconf 91' lang='lat' dir='ltr'>consuetudinibus</span> <span class='ocrx_word' id='word_1_292' title='bbox 1884 3277 1994 3340; x_wconf 89' lang='lat' dir='ltr'>habent</span> 
     </span>
     <span class='ocr_line' id='line_1_28' title="bbox 290 3386 1993 3471; baseline 0.002 -21"><span class='ocrx_word' id='word_1_293' title='bbox 290 3390 542 3470; x_wconf 89' lang='lat' dir='ltr'>opportunitates)</span> <span class='ocrx_word' id='word_1_294' title='bbox 572 3388 776 3452; x_wconf 89' lang='lat' dir='ltr'>contentiones</span> <span class='ocrx_word' id='word_1_295' title='bbox 806 3394 1025 3471; x_wconf 78' lang='lat' dir='ltr'>mme&#39;puatioues</span> <span class='ocrx_word' id='word_1_296' title='bbox 1055 3394 1261 3454; x_wconf 86' lang='lat' dir='ltr'>contractiones</span> <span class='ocrx_word' id='word_1_297' title='bbox 1294 3386 1606 3469; x_wconf 88' lang='lat' dir='ltr'>(intercolumniorum</span> <span class='ocrx_word' id='word_1_298' title='bbox 1637 3389 1694 3463; x_wconf 88' lang='lat'>91,</span> <span class='ocrx_word' id='word_1_299' title='bbox 1725 3387 1762 3470; x_wconf 89' lang='lat'>8)</span> <span class='ocrx_word' id='word_1_300' title='bbox 1795 3400 1993 3454; x_wconf 79' lang='lat' dir='ltr'>comrocturae</span> 
     </span>
     <span class='ocr_line' id='line_1_29' title="bbox 290 3501 1991 3582; baseline 0.002 -20"><span class='ocrx_word' id='word_1_301' title='bbox 290 3501 334 3582; x_wconf 93' lang='lat' dir='ltr'>(in</span> <span class='ocrx_word' id='word_1_302' title='bbox 363 3503 488 3566; x_wconf 89' lang='lat' dir='ltr'>summis</span> <span class='ocrx_word' id='word_1_303' title='bbox 519 3502 666 3566; x_wconf 90' lang='lat' dir='ltr'>columnis</span> <span class='ocrx_word' id='word_1_304' title='bbox 700 3503 741 3565; x_wconf 88' lang='lat' dir='ltr'>ita</span> <span class='ocrx_word' id='word_1_305' title='bbox 773 3502 921 3566; x_wconf 81' lang='lat' dir='ltr'>faciendae</span> <span class='ocrx_word' id='word_1_306' title='bbox 950 3502 1089 3564; x_wconf 90' lang='lat' dir='ltr'>uidentur</span> <span class='ocrx_word' id='word_1_307' title='bbox 1112 3501 1205 3577; x_wconf 90' lang='grc'>74,8</span> <span class='ocrx_word' id='word_1_308' title='bbox 1234 3510 1265 3564; x_wconf 90' lang='grc'>11</span> <span class='ocrx_word' id='word_1_309' title='bbox 1293 3505 1390 3582; x_wconf 90' lang='lat' dir='ltr'>saepe)</span> <span class='ocrx_word' id='word_1_310' title='bbox 1422 3505 1630 3563; x_wconf 80' lang='lat' dir='ltr'>muueuientabe</span> <span class='ocrx_word' id='word_1_311' title='bbox 1656 3501 1742 3580; x_wconf 89' lang='grc'>(114,</span> <span class='ocrx_word' id='word_1_312' title='bbox 1766 3501 1785 3562; x_wconf 95' lang='grc'>2</span> <span class='ocrx_word' id='word_1_313' title='bbox 1813 3503 1991 3565; x_wconf 87' lang='lat' dir='ltr'>diatessaron</span> 
     </span>
     <span class='ocr_line' id='line_1_30' title="bbox 290 3613 1992 3696; baseline 0 -20"><span class='ocrx_word' id='word_1_314' title='bbox 290 3615 425 3696; x_wconf 89' lang='lat' dir='ltr'>diapente</span> <span class='ocrx_word' id='word_1_315' title='bbox 451 3625 482 3678; x_wconf 89' lang='grc'>11</span> <span class='ocrx_word' id='word_1_316' title='bbox 511 3635 547 3677; x_wconf 94' lang='lat' dir='ltr'>ex</span> <span class='ocrx_word' id='word_1_317' title='bbox 576 3615 679 3678; x_wconf 91' lang='lat' dir='ltr'>ordine</span> <span class='ocrx_word' id='word_1_318' title='bbox 707 3615 743 3677; x_wconf 90' lang='lat' dir='ltr'>ad</span> <span class='ocrx_word' id='word_1_319' title='bbox 772 3615 959 3696; x_wconf 91' lang='lat' dir='ltr'>disdiapason</span> <span class='ocrx_word' id='word_1_320' title='bbox 986 3613 1497 3678; x_wconf 75' lang='grc'>111111111011111111111111</span> <span class='ocrx_word' id='word_1_321' title='bbox 1523 3622 1717 3693; x_wconf 89' lang='lat' dir='ltr'>congruentes</span> <span class='ocrx_word' id='word_1_322' title='bbox 1746 3613 1855 3676; x_wconf 93' lang='lat' dir='ltr'>habent</span> <span class='ocrx_word' id='word_1_323' title='bbox 1883 3614 1992 3676; x_wconf 88' lang='lat' dir='ltr'>linitio·</span> 
     </span>
     <span class='ocr_line' id='line_1_31' title="bbox 290 3727 1992 3808; baseline 0 -18"><span class='ocrx_word' id='word_1_324' title='bbox 290 3746 359 3802; x_wconf 90' lang='lat' dir='ltr'>ncs,</span> <span class='ocrx_word' id='word_1_325' title='bbox 394 3731 429 3790; x_wconf 90' lang='grc'>11.</span> <span class='ocrx_word' id='word_1_326' title='bbox 455 3727 567 3803; x_wconf 92' lang='grc'>117,3</span> <span class='ocrx_word' id='word_1_327' title='bbox 601 3747 638 3790; x_wconf 90' lang='lat' dir='ltr'>ex</span> <span class='ocrx_word' id='word_1_328' title='bbox 671 3727 785 3790; x_wconf 90' lang='lat' dir='ltr'>musica</span> <span class='ocrx_word' id='word_1_329' title='bbox 814 3727 1014 3791; x_wconf 85' lang='lat' dir='ltr'>convenientia</span> <span class='ocrx_word' id='word_1_330' title='bbox 1046 3727 1207 3806; x_wconf 89' lang='lat' dir='ltr'>astrorum)</span> <span class='ocrx_word' id='word_1_331' title='bbox 1236 3737 1441 3808; x_wconf 84' lang='lat' dir='ltr'>corporaturae</span> <span class='ocrx_word' id='word_1_332' title='bbox 1471 3730 1660 3807; x_wconf 80' lang='lat' dir='ltr'>correptiones</span> <span class='ocrx_word' id='word_1_333' title='bbox 1689 3727 1898 3790; x_wconf 90' lang='lat' dir='ltr'>crassitudines</span> <span class='ocrx_word' id='word_1_334' title='bbox 1927 3745 1992 3790; x_wconf 90' lang='lat' dir='ltr'>cre-</span> 
     </span>
     <span class='ocr_line' id='line_1_32' title="bbox 290 3839 1990 3922; baseline 0 -20"><span class='ocrx_word' id='word_1_335' title='bbox 290 3839 412 3903; x_wconf 85' lang='lat' dir='ltr'>britates</span> <span class='ocrx_word' id='word_1_336' title='bbox 454 3845 621 3904; x_wconf 77' lang='grc'>1111111</span> <span class='ocrx_word' id='word_1_337' title='bbox 661 3840 763 3922; x_wconf 90' lang='lat' dir='ltr'>culpae</span> <span class='ocrx_word' id='word_1_338' title='bbox 804 3841 970 3902; x_wconf 90' lang='lat' dir='ltr'>curationes</span> <span class='ocrx_word' id='word_1_339' title='bbox 1007 3858 1113 3902; x_wconf 90' lang='lat' dir='ltr'>cursus</span> <span class='ocrx_word' id='word_1_340' title='bbox 1154 3849 1327 3902; x_wconf 78' lang='lat' dir='ltr'>mercaturae</span> <span class='ocrx_word' id='word_1_341' title='bbox 1364 3839 1445 3919; x_wconf 88' lang='lat' dir='ltr'>(sire</span> <span class='ocrx_word' id='word_1_342' title='bbox 1479 3857 1615 3901; x_wconf 83' lang='lat' dir='ltr'>versurae</span> <span class='ocrx_word' id='word_1_343' title='bbox 1647 3839 1722 3914; x_wconf 92' lang='grc'>129,</span> <span class='ocrx_word' id='word_1_344' title='bbox 1753 3841 1773 3900; x_wconf 89' lang='grc'>2</span> <span class='ocrx_word' id='word_1_345' title='bbox 1809 3858 1990 3903; x_wconf 89' lang='lat' dir='ltr'>camerarum</span> 
     </span>
     <span class='ocr_line' id='line_1_33' title="bbox 293 3950 1992 4031; baseline 0.002 -18"><span class='ocrx_word' id='word_1_346' title='bbox 293 3950 437 4031; x_wconf 91' lang='grc'>189,17)</span> <span class='ocrx_word' id='word_1_347' title='bbox 465 3952 675 4016; x_wconf 90' lang='lat' dir='ltr'>declinationes</span> <span class='ocrx_word' id='word_1_348' title='bbox 706 3953 849 4016; x_wconf 91' lang='lat' dir='ltr'>decursus</span> <span class='ocrx_word' id='word_1_349' title='bbox 884 3954 1093 4016; x_wconf 83' lang='lat' dir='ltr'>decussatimes</span> <span class='ocrx_word' id='word_1_350' title='bbox 1122 3951 1312 4014; x_wconf 91' lang='lat' dir='ltr'>deductiones</span> <span class='ocrx_word' id='word_1_351' title='bbox 1341 3951 1518 4015; x_wconf 90' lang='lat' dir='ltr'>delectiones</span> <span class='ocrx_word' id='word_1_352' title='bbox 1547 3951 1676 4014; x_wconf 92' lang='lat' dir='ltr'>deiectus</span> <span class='ocrx_word' id='word_1_353' title='bbox 1707 3951 1912 4016; x_wconf 90' lang='lat' dir='ltr'>delectationes</span> <span class='ocrx_word' id='word_1_354' title='bbox 1940 3953 1992 4016; x_wconf 91' lang='lat' dir='ltr'>de-</span> 
     </span>
     <span class='ocr_line' id='line_1_34' title="bbox 290 4065 1992 4148; baseline 0.001 -20"><span class='ocrx_word' id='word_1_355' title='bbox 290 4065 446 4129; x_wconf 88' lang='lat' dir='ltr'>missiones</span> <span class='ocrx_word' id='word_1_356' title='bbox 475 4066 686 4148; x_wconf 89' lang='lat' dir='ltr'>descriptiones</span> <span class='ocrx_word' id='word_1_357' title='bbox 715 4067 933 4130; x_wconf 87' lang='lat' dir='ltr'>desiderotiones</span> <span class='ocrx_word' id='word_1_358' title='bbox 964 4067 1118 4147; x_wconf 91' lang='lat' dir='ltr'>(terrenus</span> <span class='ocrx_word' id='word_1_359' title='bbox 1140 4068 1254 4128; x_wconf 84' lang='lat' dir='ltr'>tructus</span> <span class='ocrx_word' id='word_1_360' title='bbox 1282 4083 1416 4127; x_wconf 89' lang='lat' dir='ltr'>escarum</span> <span class='ocrx_word' id='word_1_361' title='bbox 1439 4073 1591 4146; x_wconf 91' lang='lat' dir='ltr'>praestans</span> <span class='ocrx_word' id='word_1_362' title='bbox 1612 4065 1704 4146; x_wconf 88' lang='lat' dir='ltr'>copiis</span> <span class='ocrx_word' id='word_1_363' title='bbox 1730 4067 1917 4146; x_wconf 84' lang='lat' dir='ltr'>supervacuis</span> <span class='ocrx_word' id='word_1_364' title='bbox 1940 4066 1992 4129; x_wconf 91' lang='lat' dir='ltr'>de·</span> 
     </span>
     <span class='ocr_line' id='line_1_35' title="bbox 291 4177 1991 4260; baseline 0.001 -21"><span class='ocrx_word' id='word_1_365' title='bbox 291 4178 482 4242; x_wconf 84' lang='lat' dir='ltr'>siderationes</span> <span class='ocrx_word' id='word_1_366' title='bbox 505 4179 556 4242; x_wconf 91' lang='lat' dir='ltr'>alit</span> <span class='ocrx_word' id='word_1_367' title='bbox 577 4188 607 4242; x_wconf 92' lang='lat' dir='ltr'>et</span> <span class='ocrx_word' id='word_1_368' title='bbox 627 4179 723 4241; x_wconf 92' lang='lat' dir='ltr'>nutrit</span> <span class='ocrx_word' id='word_1_369' title='bbox 744 4178 886 4240; x_wconf 90' lang='lat' dir='ltr'>animales</span> <span class='ocrx_word' id='word_1_370' title='bbox 907 4179 1054 4259; x_wconf 88' lang='lat' dir='ltr'>pascendo</span> <span class='ocrx_word' id='word_1_371' title='bbox 1077 4177 1264 4241; x_wconf 83' lang='lat' dir='ltr'>mutinenter</span> <span class='ocrx_word' id='word_1_372' title='bbox 1285 4177 1353 4251; x_wconf 91' lang='grc'>184,</span> <span class='ocrx_word' id='word_1_373' title='bbox 1371 4177 1425 4256; x_wconf 95' lang='grc'>25)</span> <span class='ocrx_word' id='word_1_374' title='bbox 1449 4179 1653 4258; x_wconf 81' lang='lat' dir='ltr'>designationes</span> <span class='ocrx_word' id='word_1_375' title='bbox 1679 4178 1873 4242; x_wconf 90' lang='lat' dir='ltr'>detractiones</span> <span class='ocrx_word' id='word_1_376' title='bbox 1895 4179 1991 4260; x_wconf 91' lang='lat' dir='ltr'>digni·</span> 
     </span>
     <span class='ocr_line' id='line_1_36' title="bbox 291 4289 1991 4372; baseline -0.001 -18"><span class='ocrx_word' id='word_1_377' title='bbox 291 4294 500 4368; x_wconf 87' lang='grc'>11111(171,5</span> <span class='ocrx_word' id='word_1_378' title='bbox 527 4300 649 4355; x_wconf 91' lang='lat' dir='ltr'>ornatus</span> <span class='ocrx_word' id='word_1_379' title='bbox 677 4292 891 4354; x_wconf 91' lang='lat' dir='ltr'>tectoriorum.</span> <span class='ocrx_word' id='word_1_380' title='bbox 909 4291 976 4354; x_wconf 91' lang='lat' dir='ltr'>.uti</span> <span class='ocrx_word' id='word_1_381' title='bbox 1007 4299 1038 4353; x_wconf 90' lang='lat' dir='ltr'>et</span> <span class='ocrx_word' id='word_1_382' title='bbox 1063 4311 1100 4353; x_wconf 90' lang='lat' dir='ltr'>ex</span> <span class='ocrx_word' id='word_1_383' title='bbox 1128 4291 1200 4353; x_wconf 93' lang='lat' dir='ltr'>locis</span> <span class='ocrx_word' id='word_1_384' title='bbox 1228 4299 1311 4372; x_wconf 89' lang='lat' dir='ltr'>aptas</span> <span class='ocrx_word' id='word_1_385' title='bbox 1333 4299 1364 4352; x_wconf 93' lang='lat' dir='ltr'>et</span> <span class='ocrx_word' id='word_1_386' title='bbox 1384 4308 1525 4370; x_wconf 90' lang='lat' dir='ltr'>generum</span> <span class='ocrx_word' id='word_1_387' title='bbox 1553 4289 1771 4353; x_wconf 91' lang='lat' dir='ltr'>discriminibus</span> <span class='ocrx_word' id='word_1_388' title='bbox 1797 4310 1858 4352; x_wconf 92' lang='lat' dir='ltr'>non</span> <span class='ocrx_word' id='word_1_389' title='bbox 1882 4293 1991 4353; x_wconf 91' lang='lat' dir='ltr'>alienas</span> 
     </span>
    </p>
   </div>
   <div class='ocr_carea' id='block_1_3' title="bbox 289 4402 1991 5164">
    <p class='ocr_par' dir='ltr' id='par_1_4' title="bbox 289 4402 1991 5164">
     <span class='ocr_line' id='line_1_37' title="bbox 291 4402 1991 4486; baseline -0.001 -20"><span class='ocrx_word' id='word_1_390' title='bbox 291 4405 415 4467; x_wconf 87' lang='lat' dir='ltr'>babeant</span> <span class='ocrx_word' id='word_1_391' title='bbox 430 4404 598 4486; x_wconf 88' lang='lat' dir='ltr'>dignitates)</span> <span class='ocrx_word' id='word_1_392' title='bbox 625 4405 791 4467; x_wconf 84' lang='lat' dir='ltr'>directimses</span> <span class='ocrx_word' id='word_1_393' title='bbox 821 4403 991 4486; x_wconf 89' lang='lat' dir='ltr'>disciplinae</span> <span class='ocrx_word' id='word_1_394' title='bbox 1023 4405 1228 4486; x_wconf 70' lang='lat' dir='ltr'>dispertitiones</span> <span class='ocrx_word' id='word_1_395' title='bbox 1251 4403 1313 4479; x_wconf 90' lang='grc'>(52,</span> <span class='ocrx_word' id='word_1_396' title='bbox 1330 4403 1369 4464; x_wconf 89' lang='grc'>25</span> <span class='ocrx_word' id='word_1_397' title='bbox 1393 4402 1618 4465; x_wconf 90' lang='lat' dir='ltr'>coenaculorum</span> <span class='ocrx_word' id='word_1_398' title='bbox 1640 4402 1676 4465; x_wconf 93' lang='lat' dir='ltr'>ad</span> <span class='ocrx_word' id='word_1_399' title='bbox 1698 4421 1831 4465; x_wconf 90' lang='lat' dir='ltr'>summas</span> <span class='ocrx_word' id='word_1_400' title='bbox 1852 4402 1991 4464; x_wconf 89' lang='lat' dir='ltr'>utilitates</span> 
     </span>
     <span class='ocr_line' id='line_1_38' title="bbox 291 4515 1990 4599; baseline 0 -21"><span class='ocrx_word' id='word_1_401' title='bbox 291 4517 447 4597; x_wconf 83' lang='lat' dir='ltr'>perficiunt</span> <span class='ocrx_word' id='word_1_402' title='bbox 467 4516 704 4599; x_wconf 86' lang='lat' dir='ltr'>dispertitiones,</span> <span class='ocrx_word' id='word_1_403' title='bbox 734 4516 769 4580; x_wconf 91' lang='lat' dir='ltr'>al.</span> <span class='ocrx_word' id='word_1_404' title='bbox 794 4516 1018 4599; x_wconf 88' lang='lat' dir='ltr'>disparationes)</span> <span class='ocrx_word' id='word_1_405' title='bbox 1046 4516 1253 4598; x_wconf 89' lang='lat' dir='ltr'>dispositiones</span> <span class='ocrx_word' id='word_1_406' title='bbox 1284 4515 1497 4596; x_wconf 91' lang='lat' dir='ltr'>disputationes</span> <span class='ocrx_word' id='word_1_407' title='bbox 1523 4515 1677 4578; x_wconf 91' lang='lat' dir='ltr'>distantiae</span> <span class='ocrx_word' id='word_1_408' title='bbox 1707 4515 1917 4579; x_wconf 79' lang='lat' dir='ltr'>distributiones</span> <span class='ocrx_word' id='word_1_409' title='bbox 1944 4516 1990 4578; x_wconf 83' lang='lat' dir='ltr'>at-</span> 
     </span>
     <span class='ocr_line' id='line_1_39' title="bbox 289 4627 1991 4711; baseline -0.001 -19"><span class='ocrx_word' id='word_1_410' title='bbox 289 4633 420 4694; x_wconf 86' lang='lat' dir='ltr'>uiuitotes</span> <span class='ocrx_word' id='word_1_411' title='bbox 450 4629 607 4692; x_wconf 81' lang='lat' dir='ltr'>divisiones</span> <span class='ocrx_word' id='word_1_412' title='bbox 636 4629 787 4693; x_wconf 90' lang='lat' dir='ltr'>doctrinae</span> <span class='ocrx_word' id='word_1_413' title='bbox 816 4630 921 4711; x_wconf 91' lang='lat' dir='ltr'>(octies</span> <span class='ocrx_word' id='word_1_414' title='bbox 941 4629 1036 4692; x_wconf 91' lang='lat' dir='ltr'>decies</span> <span class='ocrx_word' id='word_1_415' title='bbox 1059 4649 1127 4692; x_wconf 92' lang='lat' dir='ltr'>cum</span> <span class='ocrx_word' id='word_1_416' title='bbox 1150 4629 1241 4692; x_wconf 90' lang='lat' dir='ltr'>semel</span> <span class='ocrx_word' id='word_1_417' title='bbox 1263 4627 1404 4709; x_wconf 89' lang='lat' dir='ltr'>singulari</span> <span class='ocrx_word' id='word_1_418' title='bbox 1426 4647 1550 4690; x_wconf 91' lang='lat' dir='ltr'>numero</span> <span class='ocrx_word' id='word_1_419' title='bbox 1573 4629 1685 4707; x_wconf 90' lang='lat' dir='ltr'>utatur)</span> <span class='ocrx_word' id='word_1_420' title='bbox 1715 4628 1858 4692; x_wconf 88' lang='lat' dir='ltr'>ductiones</span> <span class='ocrx_word' id='word_1_421' title='bbox 1891 4628 1991 4690; x_wconf 90' lang='lat' dir='ltr'>dulce-</span> 
     </span>
     <span class='ocr_line' id='line_1_40' title="bbox 290 4740 1989 4824; baseline -0.001 -20"><span class='ocrx_word' id='word_1_422' title='bbox 290 4743 373 4805; x_wconf 89' lang='lat' dir='ltr'>dines</span> <span class='ocrx_word' id='word_1_423' title='bbox 413 4744 614 4824; x_wconf 87' lang='lat' dir='ltr'>duplicationes</span> <span class='ocrx_word' id='word_1_424' title='bbox 650 4743 772 4806; x_wconf 85' lang='lat' dir='ltr'>elleetus</span> <span class='ocrx_word' id='word_1_425' title='bbox 809 4743 968 4806; x_wconf 79' lang='lat' dir='ltr'>effusiones</span> <span class='ocrx_word' id='word_1_426' title='bbox 997 4761 1133 4822; x_wconf 90' lang='lat' dir='ltr'>egressus</span> <span class='ocrx_word' id='word_1_427' title='bbox 1163 4742 1299 4805; x_wconf 87' lang='lat' dir='ltr'>elationes</span> <span class='ocrx_word' id='word_1_428' title='bbox 1320 4741 1411 4821; x_wconf 91' lang='lat' dir='ltr'>(torni</span> <span class='ocrx_word' id='word_1_429' title='bbox 1434 4741 1546 4804; x_wconf 91' lang='lat' dir='ltr'>ratione</span> <span class='ocrx_word' id='word_1_430' title='bbox 1569 4741 1710 4803; x_wconf 82' lang='lat' dir='ltr'>versando</span> <span class='ocrx_word' id='word_1_431' title='bbox 1731 4740 1844 4803; x_wconf 86' lang='grc'>1111111</span> <span class='ocrx_word' id='word_1_432' title='bbox 1865 4760 1989 4804; x_wconf 91' lang='lat' dir='ltr'>onerum</span> 
     </span>
     <span class='ocr_line' id='line_1_41' title="bbox 290 4852 1990 4937; baseline -0.001 -20"><span class='ocrx_word' id='word_1_433' title='bbox 290 4856 428 4919; x_wconf 91' lang='lat' dir='ltr'>elationes</span> <span class='ocrx_word' id='word_1_434' title='bbox 451 4856 523 4932; x_wconf 92' lang='grc'>252,</span> <span class='ocrx_word' id='word_1_435' title='bbox 539 4856 592 4936; x_wconf 94' lang='grc'>23)</span> <span class='ocrx_word' id='word_1_436' title='bbox 623 4855 782 4937; x_wconf 90' lang='lat' dir='ltr'>elegantiae</span> <span class='ocrx_word' id='word_1_437' title='bbox 812 4861 964 4918; x_wconf 88' lang='lat' dir='ltr'>erectiones</span> <span class='ocrx_word' id='word_1_438' title='bbox 992 4859 1149 4918; x_wconf 86' lang='lat' dir='ltr'>errationes</span> <span class='ocrx_word' id='word_1_439' title='bbox 1179 4855 1359 4916; x_wconf 89' lang='lat' dir='ltr'>eruditiones</span> <span class='ocrx_word' id='word_1_440' title='bbox 1381 4855 1510 4935; x_wconf 88' lang='lat' dir='ltr'>(semper</span> <span class='ocrx_word' id='word_1_441' title='bbox 1532 4853 1650 4935; x_wconf 88' lang='lat' dir='ltr'>plurali)</span> <span class='ocrx_word' id='word_1_442' title='bbox 1680 4852 1845 4916; x_wconf 89' lang='lat' dir='ltr'>exactiones</span> <span class='ocrx_word' id='word_1_443' title='bbox 1868 4854 1920 4934; x_wconf 89' lang='lat' dir='ltr'>(ita</span> <span class='ocrx_word' id='word_1_444' title='bbox 1944 4853 1990 4916; x_wconf 90' lang='lat' dir='ltr'>his</span> 
     </span>
     <span class='ocr_line' id='line_1_42' title="bbox 290 4965 1989 5050; baseline -0.002 -18"><span class='ocrx_word' id='word_1_445' title='bbox 290 4969 468 5050; x_wconf 79' lang='lat' dir='ltr'>symmetriis</span> <span class='ocrx_word' id='word_1_446' title='bbox 490 4969 634 5032; x_wconf 88' lang='lat' dir='ltr'>corinthia</span> <span class='ocrx_word' id='word_1_447' title='bbox 657 4969 782 5050; x_wconf 89' lang='lat' dir='ltr'>capitula</span> <span class='ocrx_word' id='word_1_448' title='bbox 804 4987 873 5032; x_wconf 89' lang='lat' dir='ltr'>suas</span> <span class='ocrx_word' id='word_1_449' title='bbox 895 4969 1047 5032; x_wconf 90' lang='lat' dir='ltr'>habebunt</span> <span class='ocrx_word' id='word_1_450' title='bbox 1069 4968 1234 5032; x_wconf 90' lang='lat' dir='ltr'>exactiones</span> <span class='ocrx_word' id='word_1_451' title='bbox 1257 4967 1308 5042; x_wconf 90' lang='grc'>87,</span> <span class='ocrx_word' id='word_1_452' title='bbox 1324 4967 1378 5042; x_wconf 92' lang='grc'>26)</span> <span class='ocrx_word' id='word_1_453' title='bbox 1409 4965 1597 5028; x_wconf 88' lang='lat' dir='ltr'>excellentiae</span> <span class='ocrx_word' id='word_1_454' title='bbox 1622 4967 1776 5028; x_wconf 77' lang='grc'>1111111111</span> <span class='ocrx_word' id='word_1_455' title='bbox 1805 4966 1989 5029; x_wconf 89' lang='lat' dir='ltr'>exercitatio-</span> 
     </span>
     <span class='ocr_line' id='line_1_43' title="bbox 291 5079 1990 5164; baseline -0.001 -20"><span class='ocrx_word' id='word_1_456' title='bbox 291 5103 343 5146; x_wconf 89' lang='lat' dir='ltr'>nes</span> <span class='ocrx_word' id='word_1_457' title='bbox 373 5084 469 5147; x_wconf 87' lang='lat' dir='ltr'>exitus</span> <span class='ocrx_word' id='word_1_458' title='bbox 498 5083 715 5164; x_wconf 89' lang='lat' dir='ltr'>expectationes</span> <span class='ocrx_word' id='word_1_459' title='bbox 744 5085 934 5164; x_wconf 83' lang='lat' dir='ltr'>capeditiones</span> <span class='ocrx_word' id='word_1_460' title='bbox 963 5086 1138 5163; x_wconf 82' lang='lat' dir='ltr'>capertiones</span> <span class='ocrx_word' id='word_1_461' title='bbox 1166 5082 1368 5160; x_wconf 68' lang='lat' dir='ltr'>aspirationes</span> <span class='ocrx_word' id='word_1_462' title='bbox 1397 5079 1580 5160; x_wconf 77' lang='lat' dir='ltr'>capoliticnu</span> <span class='ocrx_word' id='word_1_463' title='bbox 1613 5083 1806 5160; x_wconf 79' lang='lat' dir='ltr'>capressioues</span> <span class='ocrx_word' id='word_1_464' title='bbox 1838 5099 1990 5161; x_wconf 79' lang='lat' dir='ltr'>capresssts</span> 
     </span>
    </p>
   </div>
   <div class='ocr_carea' id='block_1_4' title="bbox 0 0 2328 5720">
    <p class='ocr_par' dir='ltr' id='par_1_5' title="bbox 0 0 2328 5720">
     <span class='ocr_line' id='line_1_44' title="bbox 0 0 2328 5720; baseline 0 0"><span class='ocrx_word' id='word_1_465' title='bbox 0 0 2328 5720; x_wconf 95' lang='lat' dir='ltr'> </span> 
     </span>
    </p>
   </div>
  </div>
 </body>
</html>
