4648 5724
1029 237 1251 298 ...17-

288 417 464 480 inveniatur.
509 427 577 480 tunc
599 415 630 477 in
659 413 780 496 apodosi
802 413 937 475 similiter
963 412 1065 494 posuit
1079 412 1188 489 atat
1210 412 1250 474 ita
1280 413 1342 473 iore
1372 409 1416 472 uti
1445 410 1496 489 qui
1525 417 1625 471 essent
1657 410 1688 470 in
1717 428 1751 472 ea
1776 410 1886 486 insula,
1919 420 1991 474 tunc

288 529 428 610 religione
450 528 654 590 liberarentur.

434 641 535 702 XVIII.
568 639 632 701 Lib.
648 638 671 699 V
688 639 716 707 7,
733 639 752 698 7
768 657 796 718 p.
815 637 885 710 119,
902 638 921 697 4
944 637 1015 698 baec
1037 645 1108 699 suut
1128 636 1229 698 verba:
1253 654 1310 698 non
1327 635 1427 697 minus
1450 634 1475 696 si
1490 653 1548 714 qua
1564 634 1706 714 exiguitas
1720 635 1871 716 copiarum
1894 636 1924 698 id
1946 645 1992 700 est

289 753 461 827 marmoris,
489 753 642 826 materiae,
670 750 909 829 rehquarumque
931 768 1032 811 rerum
1055 767 1130 828 quae
1153 756 1308 829 parantur,
1331 747 1363 808 in
1385 766 1473 829 opere
1495 747 1634 820 defuerit,
1658 747 1779 827 paulum
1801 747 1919 809 demere
1941 758 1993 810 aut

289 867 403 928 adicere
416 911 423 927 .
437 912 445 926 .
458 856 538 927 .'non
560 865 617 927 erit
639 863 777 926 alienum.
823 861 967 943 Defuerit,
994 880 1063 923 curu
1085 870 1164 923 esset
1186 861 1217 922 in
1242 860 1325 922 libris
1349 861 1502 940 defuerint,
1531 859 1671 922 llariuius
1699 859 1793 933 dedit,
1827 878 1929 923 vereor
1958 871 1993 924 ut

290 987 383 1052 recte;
406 997 466 1039 non
489 977 569 1039 enirn
592 975 734 1056 exiguitas
757 977 908 1057 copiarum
932 975 1023 1047 deest,
1047 973 1098 1035 sed
1120 972 1276 1052 exiguitate
1299 971 1450 1054 copiarum
1472 971 1568 1051 aliqua
1591 971 1692 1034 deesse
1713 983 1848 1053 possunt.
1891 974 1993 1053 Itaque

289 1089 462 1153 scribimus:
485 1093 586 1168 siqua
608 1093 763 1169 enr'guitute
786 1093 954 1168 copiarum.
969 1091 1037 1148 ..in
1060 1104 1143 1166 opere
1165 1087 1318 1167 defuerint.

432 1200 546 1262 XVIIII.
583 1200 647 1262 Lib.
663 1200 700 1263 VI
717 1202 745 1274 1,
761 1202 781 1261 4
804 1218 832 1280 p.
851 1199 920 1272 135,
937 1199 956 1260 8
973 1199 1044 1260 haec
1059 1207 1231 1259 narrantur:
1255 1203 1348 1278 ‘quae
1363 1197 1419 1259 sub
1434 1197 1686 1278 septentrionibus
1700 1197 1877 1259 nutriuntur
1891 1207 1993 1278 gentes

290 1313 471 1376 humanibus
494 1313 671 1392 corporebus,
694 1312 825 1375 candidis
847 1311 997 1383 columbus,
1021 1309 1132 1373 dIrecto
1155 1309 1257 1390 eumilo
1279 1320 1309 1371 et
1330 1312 1407 1384 ruso,
1431 1310 1518 1374 cudis
1539 1309 1651 1384 caesiis,
1682 1315 1818 1390 sanguim
1841 1310 1935 1372 multo
1956 1310 1993 1372 ab

290 1427 404 1489 umoris
432 1426 570 1507 plenitate
598 1425 728 1504 caeIIque
756 1422 1025 1503 refrigerationibus
1053 1431 1125 1484 sunt
1154 1421 1343 1498 conformati3
1376 1421 1428 1502 qui
1460 1431 1559 1484 autem
1593 1431 1664 1483 sunt
1690 1421 1819 1503 proximi
1845 1422 1882 1484 ad
1909 1440 1994 1484 arem

291 1537 487 1600 meridianum
511 1536 693 1616 subiectique
716 1536 786 1598 soIIs
809 1535 918 1608 cursui,
942 1534 1124 1596 brevioribus
1147 1535 1323 1614 corporibus,
1345 1533 1437 1596 colore
1458 1536 1552 1607 tusco,
1575 1534 1671 1614 crispo
1694 1534 1807 1615 capillo,
1836 1534 1924 1596 oculis
1946 1534 1994 1595 ni-

291 1649 366 1730 gris,
395 1648 532 1710 cruribus
560 1648 678 1722 validis,
705 1653 843 1728 sanguiue
866 1649 971 1727 exiguo
993 1646 1063 1708 solis
1085 1645 1199 1727 impetu
1221 1645 1437 1727 perficiuntur’.
1482 1644 1588 1706 Omnia
1611 1653 1732 1727 apparet
1759 1647 1862 1708 eodem
1893 1645 1994 1708 ordine

291 1763 472 1835 enumerari,
501 1759 558 1822 uisi
585 1760 664 1840 quod
687 1761 821 1823 cruribus
843 1759 945 1822 onlr'dis
971 1776 1032 1820 non
1061 1758 1150 1820 modo
1180 1757 1278 1840 ipsum
1307 1759 1442 1838 ineptum
1464 1767 1526 1830 est,
1553 1758 1605 1818 sed
1632 1776 1669 1818 ne
1695 1756 1784 1820 babet
1805 1757 1924 1839 quidem
1946 1757 1995 1820 cui

290 1873 477 1954 respondeat.
520 1872 621 1953 Neque
644 1872 820 1934 mutandum
843 1872 899 1933 hoc
920 1881 980 1946 est,
1009 1870 1037 1932 id
1060 1871 1139 1950 quod
1161 1873 1295 1932 fecerunt
1313 1869 1464 1932 Iucundos
1491 1889 1620 1948 eumque
1648 1870 1699 1950 qui
1722 1869 1815 1932 secuti
1838 1879 1909 1932 sunt
1930 1870 1995 1932 edi-

293 1993 371 2047 tores
399 1985 463 2065 (qui
484 1986 588 2064 legunt
617 1985 749 2046 crurr'dau
776 1983 959 2062 irmelind),
991 1982 1042 2044 sed
1069 1983 1242 2044 tollendum.
1287 1982 1358 2043 blibi
1380 1981 1496 2044 videtur
1521 1982 1657 2044 librarius
1684 1983 1784 2044 nescio
1811 1982 1878 2063 quis
1904 1982 1995 2044 Italus

292 2097 373 2159 brevi
395 2115 527 2176 corpore,
549 2097 648 2159 colore
662 2099 756 2170 fusco,
779 2095 876 2176 crispo
898 2094 1011 2175 capillo,
1034 2093 1128 2156 oculis
1150 2094 1241 2174 nigris
1256 2093 1429 2175 superbiens
1452 2094 1589 2156 cruribus
1612 2093 1674 2157 suis
1696 2093 1799 2156 validIs
1820 2095 1897 2156 hanc
1910 2094 1995 2174 quasi

291 2210 407 2272 laudern
430 2208 615 2290 popularium
639 2207 796 2269 addidisse.
843 2207 984 2268 Similiter
1007 2207 1086 2269 aliud
1107 2206 1340 2269 additamentum
1363 2207 1460 2288 ipsum
1485 2225 1516 2269 se
1539 2208 1685 2287 coarguit:

434 2321 497 2382 xx.
535 2319 766 2394 tibullus
789 2339 818 2400 p.
836 2319 905 2391 181,
924 2318 963 2380 18
979 2318 1030 2380 ubi
1046 2318 1184 2380 traditur:
1207 2337 1327 2380 cerussa
1342 2337 1411 2380 vero
1429 2337 1496 2380 cum
1520 2319 1550 2379 io
1573 2321 1690 2380 fornace
1712 2318 1857 2397 coquitur,
1881 2325 1995 2380 mutuo

291 2433 388 2495 colore
410 2433 446 2494 ad
469 2435 567 2513 ignem
588 2432 718 2494 incendii
740 2433 793 2512 (ita
815 2430 883 2492 libri
905 2431 1029 2492 Gudiani
1052 2430 1115 2505 EG,
1143 2432 1259 2494 incendi
1283 2430 1470 2508 Harleianus)
1500 2430 1628 2492 efficitur
1654 2430 1820 2492 sandaraca.
1865 2428 1996 2491 Incendii

291 2545 371 2606 enim
394 2544 568 2607 vocabulum
591 2551 779 2625 praepostere
800 2542 980 2605 inculcatum
1003 2551 1076 2623 puto
1099 2561 1135 2604 ex
1148 2542 1302 2604 enuntiato
1323 2542 1506 2622 insequenti:
1528 2542 1559 2604 id
1581 2552 1680 2604 autem
1702 2542 1838 2604 incendio
1860 2545 1937 2603 Iacto
1959 2560 1996 2602 ex

291 2676 361 2719 casu
383 2656 550 2720 didicerunt
579 2656 730 2730 homines;
763 2665 797 2717 ut
826 2673 887 2718 non
914 2655 1058 2718 assentiar
1080 2654 1223 2719 salmasio
1251 2653 1391 2716 scribenti
1420 2655 1550 2717 incendio
1579 2673 1635 2716 nec
1656 2654 1780 2716 Iucundi
1810 2653 1994 2715 coniecturae

292 2769 330 2831 ad
351 2773 423 2849 tpnr's
443 2769 615 2839 incendium,
639 2767 812 2849 praesertim
835 2785 904 2829 curu
927 2787 960 2828 ea
982 2785 1052 2828 voce
1074 2766 1224 2828 Vitruvius
1246 2766 1303 2828 nisi
1326 2767 1361 2828 de
1384 2766 1522 2828 aedificiis
1545 2766 1703 2856 navibusve
1726 2784 1798 2827 usus
1820 2784 1880 2828 non
1903 2765 1951 2827 sit.

434 2880 510 2942 IIIII.
548 2880 610 2942 Lib.
627 2882 653 2942 II
671 2882 698 2954 1,
714 2879 734 2940 2
756 2899 785 2960 p.
803 2879 852 2952 34,
871 2881 889 2940 t
906 2881 977 2941 haec
992 2887 1092 2941 narrat
1107 2878 1273 2940 Vitruvius:
1296 2886 1457 2960 coeperunt
1471 2878 1520 2940 alii
1535 2879 1571 2941 de
1593 2879 1698 2940 honde
1720 2881 1815 2940 Iacere
1837 2885 1922 2951 tecta,
1945 2876 1995 2938 alii

291 2993 447 3074 speluncas
469 2993 569 3055 fodere
591 2993 647 3054 sub
670 2992 839 3066 montibus,
865 2991 1000 3054 nonnulli
1029 2991 1222 3054 birundinum
1249 2991 1334 3054 nidos
1361 3001 1391 3053 et
1413 2990 1628 3053 aedificationes
1655 3009 1756 3052 earum
1786 2990 1936 3052 imitantes
1958 2989 1994 3050 de

290 3105 353 3167 luto
376 3113 406 3166 et
426 3105 548 3185 siugulis
570 3107 665 3166 Iacere
687 3104 749 3166 loca
777 3123 852 3185 quae
878 3103 1021 3165 subirent.
1065 3102 1130 3164 Non
1159 3103 1309 3183 ignorasse
1331 3113 1404 3183 puto
1427 3122 1512 3176 eum,
1542 3102 1715 3164 hirundines
1738 3102 1800 3163 solo
1822 3101 1901 3174 luto,
1932 3119 1994 3162 non

291 3215 411 3296 virgulis
434 3217 478 3278 uti
499 3216 530 3278 in
552 3215 630 3278 nidis
653 3215 868 3289 construendis,
891 3216 928 3276 de
949 3215 1056 3295 quibus
1070 3215 1185 3276 PIInius
1200 3214 1271 3277 dicit
1288 3215 1332 3296 (n.
1348 3216 1377 3276 b.
1392 3215 1419 3276 X
1434 3181 1702 3295 norhumbre
1723 3215 1786 3276 Iuto
1807 3222 1993 3288 construunt,

291 3337 454 3391 stramento
476 3329 630 3403 roborant3
665 3327 828 3408 siquando
856 3327 953 3408 inopia
975 3336 1022 3388 est
1042 3327 1113 3401 luti,
1142 3326 1312 3389 madefactis
1335 3327 1427 3389 multa
1448 3346 1523 3407 aqua
1546 3326 1645 3408 pinnis
1667 3326 1817 3407 pulverem
1841 3303 2009 3406 spargunt*

290 3439 443 3502 Praeterea
466 3459 533 3502 cum
561 3459 636 3520 quae
663 3440 724 3503 sint
745 3439 818 3502 istae
846 3439 1061 3501 aedificationes
1091 3439 1285 3502 birundinum
1314 3439 1444 3502 diversae
1471 3460 1488 3500 a
1510 3439 1587 3501 nidis
1615 3457 1674 3500 non
1702 3438 1887 3518 intellegam,
1922 3435 1995 3498 mibi

290 3571 466 3633 persuasum
488 3562 542 3627 est,
566 3553 622 3614 sub
644 3571 744 3614 eonem
766 3553 857 3614 latero
878 3571 988 3613 nomen
1010 3551 1146 3613 animalis
1167 3551 1290 3613 alieuius
1311 3553 1432 3632 virgulis
1454 3551 1670 3625 construentis,
1699 3552 1779 3630 quod
1808 3560 1906 3612 tamen
1933 3566 1995 3611 non

238 3713 239 3718 ,
290 3665 372 3729 tacte
395 3665 622 3745 recuperaveris.

433 3777 523 3838 XXII.
559 3776 651 3838 Paulo
678 3776 755 3840 inira
785 3777 857 3838 tales
885 3795 966 3838 casas
993 3776 1147 3838 etiamtum
1179 3777 1324 3838 aedificari
1353 3775 1424 3838 dicit
1457 3775 1640 3838 ‘nationibus
1672 3775 1794 3849 exteris,
1829 3773 1873 3836 uti
1905 3773 1995 3836 Gallia

294 3885 433 3966 Hispania
455 3888 605 3953 Lusitania
627 3889 723 3951 Africa
737 3936 744 3950 .
758 3934 765 3949 .
779 3934 786 3950 .
799 3889 884 3970 Apud
907 3889 1055 3950 nationem
1079 3888 1254 3950 Colchorum
1282 3888 1314 3950 in
1336 3887 1430 3951 Ponto
1443 3935 1450 3950 .
1464 3935 1470 3949 .
1484 3935 1491 3950 .
1504 3887 1632 3968 Phryges
1654 3906 1723 3949 vero
1735 3932 1743 3947 .
1757 3933 1764 3947 .
1779 3885 1938 3948 .Nonnulli
1958 3905 1995 3948 ex

292 3998 357 4060 ulva
379 4000 503 4079 palustri
525 4011 708 4084 componunt
731 4001 847 4081 tuguria
870 4009 955 4063 tecta.
999 4001 1085 4081 hpud
1108 4009 1219 4062 ceteras
1241 4019 1360 4082 quoque
1381 4010 1482 4081 gentes
1506 4009 1536 4061 et
1556 4000 1697 4062 nonnulla
1719 3999 1782 4060 loca
1804 3997 1867 4079 pari
1890 3999 1995 4060 simili-

292 4128 349 4190 que
370 4109 486 4173 ratione
507 4132 641 4177 mserum
671 4115 867 4196 perficiuntur
893 4113 1128 4176 constitutiones.
1171 4112 1238 4174 Non
1268 4112 1367 4175 minos
1395 4112 1482 4175 etiam
1507 4111 1670 4174 Massiliae.
1685 4110 1994 4173 ..htheuis...item

290 4223 321 4283 in
345 4222 558 4304 Capitolio..)
601 4227 635 4288 In
657 4227 778 4306 rehquis
800 4244 861 4288 non
884 4226 1014 4300 offendo,
1043 4225 1180 4288 sedilia:
1210 4225 1289 4304 apud
1312 4233 1423 4288 ceteras
1454 4243 1571 4304 qnoque
1599 4232 1700 4304 gentes
1722 4231 1778 4284 cet
1802 4229 1842 4304 (p.
1866 4223 1916 4297 35,
1942 4222 1994 4302 16)

291 4334 458 4398 Vitruvium
484 4337 638 4418 scripsisse
659 4356 722 4400 non
743 4340 888 4412 adducor,
916 4356 985 4400 nam
1007 4338 1122 4399 etiamsi
1149 4337 1242 4399 multa
1266 4336 1373 4398 haheat
1393 4354 1497 4418 parum
1522 4335 1677 4414 elegantia,
1707 4335 1792 4415 plane
1819 4335 1945 4397 absurda
1967 4334 1996 4395 ei

290 4447 436 4529 imputare
464 4467 526 4512 non
553 4449 641 4512 licere
668 4460 750 4531 puto.
796 4450 853 4512 Sed
876 4467 935 4531 quo
958 4449 1046 4511 modo
1073 4449 1144 4510 vitio
1170 4449 1241 4510 huic
1271 4449 1404 4512 medeare
1427 4447 1543 4510 difficile
1566 4455 1611 4509 est
1639 4447 1728 4508 dictu.
1772 4447 1847 4508 Idud
1873 4445 1994 4525 quidem

292 4568 405 4624 certum
427 4561 552 4636 videtur,
584 4571 678 4625 terrae
700 4562 824 4624 abcuius
845 4580 955 4624 nomen
978 4560 1168 4624 exturbatum
1190 4579 1255 4624 esse
1277 4562 1416 4623 vocabulo
1439 4571 1552 4632 eeteros,
1575 4560 1654 4640 quod
1676 4559 1742 4622 vide
1763 4578 1802 4620 ne
1824 4560 1863 4622 sit
1886 4556 1993 4632 Cretae,

292 4681 326 4735 ut
347 4674 596 4753 quemadmodum
619 4694 707 4756 supra
723 4675 838 4737 dictum·
856 4683 903 4735 est
923 4674 1003 4754 apud
1018 4677 1163 4737 notionem
1178 4673 1346 4737 Colchorum
1367 4673 1415 4735 bic
1437 4673 1527 4734 luerit
1550 4672 1627 4752 apud
1644 4671 1743 4734 Cretes
1758 4688 1867 4752 quoque
1888 4681 1994 4750 gentes,

436 4937 456 5000 ¹)
475 4937 606 4990 invalidus
629 4938 696 4990 dixit
718 4937 750 4992 V.
772 4953 909 5004 nunqnam
936 4935 1037 4989 validos
1061 4935 1298 5004 spiritus192,28;
1326 4931 1437 4985 fervoris
1460 4933 1571 4985 validam
1594 4934 1751 4986 inflationem
1771 4931 1828 4997 193,
1843 4932 1889 4996 113
1917 4947 1995 4983 crura

291 5029 470 5074 conmemorat
481 5023 570 5088 2db‚2
589 5039 645 5074 cunr
663 5024 727 5076 dicit
745 5041 789 5076 eos
807 5024 852 5090 qui
869 5025 935 5076 bona
953 5039 1017 5090 aqna
1035 5029 1142 5074 utantur
1160 5037 1217 5074 arse
1236 5022 1355 5074 cruribus
1374 5037 1425 5072 non
1443 5021 1558 5073 vitiosis.

341 5109 401 5148 assa.
434 5107 460 5148 (a.
475 5106 503 5148 to
1815 5103 1833 5159 3
